@article{Almgren1999,
author = {Almgren, Robert and Chriss, Neil},
file = {:Users/ilyamelnikov/Library/Application Support/Mendeley Desktop/Downloaded/Almgren, Chriss - 1999 - Optimal execution of portfolio transactions.pdf:pdf},
journal = {Journal of Risk},
number = {December},
pages = {5--39},
title = {{Optimal execution of portfolio transactions}},
url = {http://www.math.nyu.edu/faculty/chriss/optliq{\_}f.pdf},
volume = {3},
year = {2000}
}
@article{Hendershott2011,
author = {{Hendershott, Terrence, Jones, Charles, Menkveld}, Albert},
file = {:Users/ilyamelnikov/Library/Application Support/Mendeley Desktop/Downloaded/Hendershott - 2011 - Does algorithmic trading improve liquidity.pdf:pdf},
journal = {The Journal of Finance},
number = {1},
pages = {1--33},
title = {{Does algorithmic trading improve liquidity?}},
url = {http://onlinelibrary.wiley.com/doi/10.1111/j.1540-6261.2010.01624.x/full},
volume = {66},
year = {2011}
}
@article{Hendershott2013,
author = {Hendershott, Terrence and Riordan, Ryan},
file = {:Users/ilyamelnikov/Library/Application Support/Mendeley Desktop/Downloaded/Hendershott, Riordan - 2012 - Algorithmic Trading and the Market for Liquidity.pdf:pdf},
journal = {Journal of Financial and Quantitative Analysis},
title = {{Algorithmic Trading and the Market for Liquidity}},
url = {http://journals.cambridge.org/abstract{\_}S0022109013000471},
volume = {Forthcomin},
year = {2012}
}
